%# -*- coding: utf-8-unix -*-
@article {Levinson45,
	author = {N. Levinson},
	title = {Transformation theory of non-linear differential equations of the second order},
	journal = {Annals of Mathematics},
	volume = {45},
	year = {1944},
	pages = {723–737}
}

@book{Hale88,
	author = { J.K. Hale},
	title = { Asymptotic Behavior of Dissipative Systems},
	publisher = {AMS},
	address = {Providence, RI},
	year = {1988}
}

@book{Raugel02,
  	author = { G. Raugel},
  	title = { Global attractors in partial differential equations},
  	series = {Handbook of Dynamical Systems,},
  	editor = {B. Fiedler},
 	volume = {2},
  	pages = {885-982},
  	publisher = {Elsevier},
  	address = {Amsterdam},
  	year = {2002}
}

@book{Temam97,
	author = { R. Temam},
	title = { Infinite Dimensional Dynamical Systems in Mechanics and Physics},
	edition = 2,
	publisher = {Springer},
	address = {New York},
	year = {1997}
}

@article {Billoti71,
	author = {J. Billoti and J. LaSalle},
	title = {Periodic dissipative processes},
	journal = {Bulletin of the American Mathematical Society},
	volume = {6},
	year = {1971},
	pages = {1082–1089}
}

@book{Coddington55,
	author = { E.A. Coddington and N. Levinson},
	title = { Theory of Ordinary Differential Equations},
	publisher = {McGraw-Hill},
	address = {New York},
	year = {1955}
}

@book{Pliss66,
	author = { V.A. Pliss},
	title = { Nonlocal Problems of the Theory of Oscillations},
	publisher = {Academic Press},
	address = {New York},
	year = {1966}
}

@book{Pliss77,
	author = { V.A. Pliss},
	title = { Integral Sets of Periodic Systems of Differential Equations},
	publisher = {Nauka},
	address = {Moscow},
	year = {1977},
	language = {in Russian}
}

@book{Babin92,
	author = { A. Babin and  M. Vishik,},
	title = { Attractors of Evolution Equations},
	publisher = {North-Holland},
	address = {Amsterdam},
	year = {1992}
}

@book{Chepyzhov02,
	author = { V.V. Chepyzho vand  M.I. Vishik},
	title = { Attractors for Equations of Mathematical Physics},
	publisher = {AMS},
	address = {Providence, RI},
	year = {2002}
}

@book{Chueshov99,
	author = { I. Chueshov},
	title = { Introduction to the Theory of Infinite-Dimensional Dissipative Systems},
	publisher = {Acta},
	address = {Kharkov},
	year = {1999},
	language={in Russian},
	url = {http://www.emis.de/monographs/Chueshov/},
	note = {English translation: Acta, Kharkov, 2002}
}

@book{Chueshov10,
	author = { I. Chueshov and I. Lasiecka},
	title = { Von Karman Evolution Equations},
	publisher = {Springer},
	address = {New York},
	year = {2010}
}

@book{Chueshov08,
	author = { I. Chueshov and I. Lasiecka},
	title = { Long-Time Behavior of Second Order Evolution Equations with
	Nonlinear Damping},
	series = {Memoirs of AMS},
	volume = {195},
	number = {912},
	publisher = {AMS},
	address = {Providence, RI},
	year = {2008}
}

@book{Hale88,
	author = { J.K. Hale},
	title = { Asymptotic Behavior of Dissipative Systems},
	publisher = {AMS},
	address = {Providence, RI},
	year = {1988}
}

@book{Ladyzhenskaya91,
	author = { O. Ladyzhenskaya},
	title = { Attractors for Semigroups and Evolution Equations},
	publisher = {Cambridge University Press},
	address = {Cambridge, UK},
	year = {1991}
}

@book{Robinson01,
	author = { J. Robinson},
	title = { Infinite-Dimensional Dynamical Systems: An Introduction to Dissipative Parabolic PDEs and the Theory of Global Attractors},
	publisher = {Cambridge University Press},
	address = {Cambridge, UK},
	year = {2001}
}

@book{Sell02,
	author = { G.R. Sell and  Y. You},
	title = { Dynamics of Evolutionary Equations},
	publisher = {Springer},
	address = {New York},
	year = {2002}
}

@book{Temam97,
	author = { R. Temam},
	title = { Infinite Dimensional Dynamical Systems in Mechanics and Physics},
	edition = {2},
	publisher = {Springer},
	address = {New York},
	year = {1997}
}

@book{Babin06,
	author = { A. Babin},
	title = { Global Attractors in PDE},
	editor = {B. Hasselblatt and  A. Katok},
	series = {Handbook of Dynamical Systems},
	publisher = {Elsevier},
	address = {Amsterdam},
	volume = {1B},
	page = {983–1085},
	year = {2006}
}

@book{Miranville08,
	author = { A. Miranville and S. Zelik},
	title = { Attractors for dissipative partial differential equations in bounded and unbounded domains},
	editor = {C.M. Dafermos and M. Pokorny},
	series = {Handbook of Differential Equations: Evolutionary Equations},
	publisher = {Elsevier},
	address = {Amsterdam},
	volume = {4},
	page = {103–200},
	year = {2008}
}

@book{Raugel02,
	author = { G. Raugel},
	title = { Global attractors in partial differential equations},
	edition = {2},
	editor = {B. Fiedler},
	series = {Handbook of Dynamical Systems},
	publisher = {Elsevier},
	address = {Amsterdam},
	volume = {2},
	page = {885–982},
	year = {2002}
}

@book{Nemytskii60,
	author = { V.V. Nemytskii and  V.V. Stepanov},
	title = { Qualitative Theory of Differential Equations},
	publisher = {Princeton University Press},
	address = {NJ},
	year = {1960}
}

@article {Khanmamedov06,
	author = {A.K. Khanmamedov},
	title = {Global attractors for von Karman equations with nonlinear dissipation},
	journal = {J. Math. Anal. Appl.},
	volume = {318},
	year = {2006},
	pages = {92–101}
}

@article {Chueshov04,
	author = {I. Chueshov and I. Lasiecka},
	title = {Attractors for second order evolution equations},
	journal = {J. Dynam. Diff. Eqs.},
	volume = {16},
	year = {2004},
	pages = {469–512}
}

@incollection{Chueshov13,
	author = {I. Chueshov and I. Lasiecka},
	title = {Well-posedness and long time behavior in nonlinear dissipative hyperbolic-like evolutions with critical exponents},
	booktitle = {HCDTE Lecture Notes. Part I. Nonlinear Hyperbolic PDEs, Dispersive and Transport Equations},
	editor = {G. Alberti etal},
	series = {AIMS on Applied Mathematics},
	volume = {6},
	publisher = {AIMS},
	address = {Springfield},
  	year = {2013},
	pages = {1–96}
}

@book{Sibirsky75,
	author = { K.S. Sibirsky},
	title = { Introduction to Topological Dynamics},
	publisher = {Noordhoff},
	address = {Leyden},
	year = {1975}
}

@book{Coddington55,
	author = { E.A. Coddington and N. Levinson},
	title = { Theory of Ordinary Differential Equations},
	publisher = {McGraw-Hill},
	address = {New York},
	year = {1955}
}

@book{Hartman02,
	author = { P. Hartman},
	title = { Ordinary Differential Equations},
	edition = {2},
	publisher = {SIAM},
	address = {Philadelphia},
	year = {2002}
}

@book{Lefschetz77,
	author = { S. Lefschetz},
	title = { Differential Equations: Geometric Theory},
	publisher = {Dover},
	address = {New York},
	year = {1977}
}

@book{Lefschetz77,
	author = { N.N. Bautin and E.A. Leontovich},
	title = { Methods and Examples of the Qualitative Analysis of Dynamical Systems in a Plane},
	publisher = {Nauka},
	address = {Moscow},
	year = {1990},
	language = {in Russian}
}

@book{Lefschetz74,
	author = { R. Reissing and G. Sansone and R. Conti},
	title = { Qualitative Theory of Ordinary Differential Equations},
	publisher = {Nauka},
	address = {Moscow},
	year = {1974},
	language = {in Russian}
}